@ARTICLE{2016AmJPh..84..969V,
   author = {{Von Korff}, J. and {Archibeque}, B. and {Gomez}, K.~A. and 
	{Heckendorf}, T. and {McKagan}, S.~B. and {Sayre}, E.~C. and 
	{Schenk}, E.~W. and {Shepherd}, C. and {Sorell}, L.},
    title = "{Secondary analysis of teaching methods in introductory physics: A 50 k-student study}",
  journal = {American Journal of Physics},
archivePrefix = "arXiv",
   eprint = {1603.00516},
 primaryClass = "physics.ed-ph",
     year = 2016,
    month = dec,
   volume = 84,
    pages = {969-974},
      doi = {10.1119/1.4964354},
   adsurl = {http://adsabs.harvard.edu/abs/2016AmJPh..84..969V},
  adsnote = {Provided by the SAO/NASA Astrophysics Data System}
}

@article{1992FCI,
author = {Hestenes, David and Wells, Malcolm and Swackhamer, Gregg},
year = {1992},
month = {03},
pages = {141-158},
title = {Force Concept Inventory},
volume = {30},
booktitle = {The Physics Teacher}
}

@ARTICLE{2014arXiv1404.6500M,
   author = {{Madsen}, A. and {McKagan}, S.~B. and {Sayre}, E.~C.},
    title = "{Best Practices for Administering Concept Inventories}",
  journal = {ArXiv e-prints},
archivePrefix = "arXiv",
   eprint = {1404.6500},
 primaryClass = "physics.ed-ph",
 keywords = {Physics - Physics Education},
     year = 2014,
    month = apr,
   adsurl = {http://adsabs.harvard.edu/abs/2014arXiv1404.6500M},
  adsnote = {Provided by the SAO/NASA Astrophysics Data System}
}

@misc{smart,
	url={https://education.smarttech.com/products/notebook}
}